@inproceedings{hibbard,
  title={Measuring agent intelligence via hierarchies of environments},
  author={Hibbard, Bill},
  booktitle={ICAGI},
  pages={303--308},
  year={2011}
}

@article{weiermann2002slow,
  title={Slow versus fast growing},
  author={Weiermann, Andreas},
  journal={Synthese},
  volume={133},
  pages={13--29},
  year={2002},
}

@conference{ioi1,
  title={Measuring the intelligence of an idealized mechanical knowing agent},
  year={2019},
  author={Alexander, Samuel Allen},
  booktitle={CIFMA}
}

@inproceedings{ioi2,
  title={{AGI} and the {Knight-Darwin} Law: why idealized {AGI} reproduction requires collaboration},
  author={Alexander, Samuel Allen},
  booktitle={International Conference on Artificial General Intelligence},
  year={2020}
}

@article{liu1960enumeration,
  title={An enumeration of the primitive recursive functions without repetition},
  author={Liu, Shih Chao},
  journal={Tohoku Mathematical Journal},
  volume={12},
  number={3},
  pages={400--402},
  year={1960},
  publisher={Mathematical Institute, Tohoku University}
}
