@inproceedings{hibbard,
  title={Measuring agent intelligence via hierarchies of environments},
  author={Hibbard, Bill},
  booktitle={ICAGI},
  pages={303--308},
  year={2011}
}